<record><leader>00000cas a22000007a 4500</leader><controlfield tag="001">34089916</controlfield><controlfield tag="008">960126d19641965azuwr ne      0    0eng d</controlfield><datafield ind1=" " ind2=" " tag="010"><subfield code="a">sn 95060961 </subfield></datafield><datafield ind1=" " ind2=" " tag="040"><subfield code="a">ANN</subfield><subfield code="b">eng</subfield><subfield code="c">ANN</subfield><subfield code="d">OCLCQ</subfield><subfield code="d">OCLCF</subfield><subfield code="d">OCLCO</subfield></datafield><datafield ind1="1" ind2=" " tag="029"><subfield code="a">AU@</subfield><subfield code="b">000012204446</subfield></datafield><datafield ind1=" " ind2=" " tag="042"><subfield code="a">msc</subfield></datafield><datafield ind1=" " ind2=" " tag="043"><subfield code="a">n-us-az</subfield></datafield><datafield ind1="0" ind2=" " tag="130"><subfield code="a">Glendale news-herald (Glendale, Ariz. : 1964)</subfield></datafield><datafield ind1="1" ind2="0" tag="245"><subfield code="a">Glendale news-herald.</subfield></datafield><datafield ind1=" " ind2=" " tag="260"><subfield code="a">Glendale, Ariz. :</subfield><subfield code="b">Apache Pub. Co.,</subfield><subfield code="c">1964-</subfield></datafield><datafield ind1=" " ind2=" " tag="300"><subfield code="a">v. :</subfield><subfield code="b">ill.</subfield></datafield><datafield ind1=" " ind2=" " tag="310"><subfield code="a">Weekly</subfield></datafield><datafield ind1="0" ind2=" " tag="362"><subfield code="a">Vol. 52, no. 33 (Oct. 1, 1964)-Aug. 5, 1965.</subfield></datafield><datafield ind1=" " ind2=" " tag="580"><subfield code="a">Merger of: Glendale news (Glendale, Ariz. : 1927), Glendale herald (Glendale, Ariz. : 1963), and Glendale Peoria Sun City Youngtown home news.</subfield></datafield><datafield ind1=" " ind2="0" tag="651"><subfield code="a">Glendale (Ariz.)</subfield><subfield code="v">Newspapers.</subfield></datafield><datafield ind1=" " ind2="0" tag="651"><subfield code="a">Maricopa County (Ariz.)</subfield><subfield code="v">Newspapers.</subfield></datafield><datafield ind1=" " ind2="7" tag="655"><subfield code="a">Newspapers.</subfield><subfield code="2">fast</subfield><subfield code="0">(OCoLC)fst01423814</subfield></datafield><datafield ind1=" " ind2="7" tag="651"><subfield code="a">Arizona</subfield><subfield code="z">Glendale.</subfield><subfield code="2">fast</subfield><subfield code="0">(OCoLC)fst01207568</subfield></datafield><datafield ind1=" " ind2="7" tag="651"><subfield code="a">Arizona</subfield><subfield code="z">Maricopa County.</subfield><subfield code="2">fast</subfield><subfield code="0">(OCoLC)fst01217111</subfield></datafield><datafield ind1=" " ind2=" " tag="752"><subfield code="a">United States</subfield><subfield code="b">Arizona</subfield><subfield code="c">Maricopa</subfield><subfield code="d">Glendale.</subfield></datafield><datafield ind1="1" ind2="4" tag="780"><subfield code="t">Glendale news (Glendale, Ariz. : 1927)</subfield><subfield code="w">(DLC)sn 95060956</subfield></datafield><datafield ind1="1" ind2="4" tag="780"><subfield code="t">Glendale herald (Glendale, Ariz. : 1963)</subfield><subfield code="w">(DLC)sn 95060960</subfield></datafield><datafield ind1="1" ind2="4" tag="780"><subfield code="t">Glendale Peoria Sun City Youngtown home news</subfield><subfield code="w">(DLC)sn 95060975</subfield></datafield><datafield ind1="0" ind2="0" tag="785"><subfield code="t">News-herald (Glendale, Ariz.)</subfield><subfield code="w">(DLC)sn 95060962</subfield></datafield></record>